@article{antonio2019hotel,
  title={Hotel booking demand datasets},
  author={Antonio, Nuno and de Almeida, Ana and Nunes, Luis},
  journal={Data in brief},
  volume={22},
  pages={41--49},
  year={2019},
  publisher={Elsevier}
}

@article{huang2012customer,
  title={Customer churn prediction in telecommunications},
  author={Huang, Bingquan and Kechadi, Mohand Tahar and Buckley, Brian},
  journal={Expert Systems with Applications},
  volume={39},
  number={1},
  pages={1414--1425},
  year={2012},
  publisher={Elsevier}
}

@online{kaggle,
  author = {Mostipak, Jesse},
  title = {Hotel booking demand},
  year = 2020,
  url = {https://www.kaggle.com/jessemostipak/hotel-booking-demand},
  urldate = {2020-04-11}
}

@article{fawcett2006introduction,
  title={An introduction to ROC analysis},
  author={Fawcett, Tom},
  journal={Pattern recognition letters},
  volume={27},
  number={8},
  pages={861--874},
  year={2006},
  publisher={Elsevier}
}
